%%[1]

@inproceedings{Vanajakshi:2010,
  title={Intelligent Transportation Systems},
  author={Lelitha Vanajakshi and Gitakrishnan Ramadurai and Asha S. Anand},
  year={2010}
}


%%[2]

@inproceedings{Anwer:2016,
  title={A Survey of VANET Technologies},
  author={Shahid Anwer and Chris Guy},
  year={2016}
}

%%[3]

@inproceedings{Jiang:2008,
  title={IEEE 802.11p: Towards an International Standard for Wireless Access in Vehicular Environments},
  author={Daniel Jiang and Luca Delgrossi},
  booktitle={VTC Spring},
  year={2008}
}

%%[4]

@article{Dai:2016,
  title={Towards Real-Time and Temporal Information Services in Vehicular Networks via Multi-Objective Optimization},
  author={Penglin Dai and Kai Liu and Liang Feng and Qingfeng Zhuge and Victor C. S. Lee and Sang Hyuk Son},
  journal={2016 IEEE 41st Conference on Local Computer Networks (LCN)},
  year={2016},
  pages={671-679}
}

%%[5]

@article{Lim:2015,
  title={Improving VANET Performance with Heuristic and Adaptive Fuzzy Logic Scheme},
  author={Joanne Mun-Yee Lim and Yoong Choon Chang and Jonathan Loo and Mohamad Yusoff Alias},
  journal={Wireless Personal Communications},
  year={2015},
  volume={83},
  pages={1779-1800}
}

%%[6]

@inproceedings{Cunha:2017,
  title={Data Communication in VANETs: Survey, Applications and Challenges},
  author={Felipe Domingos da Cunha and Leandro A. Villas and Azzedine Boukerche and Guilherme Maia and Aline Carneiro Viana and Raquel A. F. Mini and Antonio Alfredo Ferreira Loureiro and Felipe Cunhaa},
  year={2017}
}

%%[7]

@inproceedings{Almohammedi:2016,
  title={Evaluating the Impact of Transmission Range on the Performance of VANET},
  author={Akram A. Almohammedi and Nor Kamariah Noordin and Sabri Saeed},
  year={2016}
}

%%[8]

@article{Rawat:2011,
  title={Enhancing VANET Performance by Joint Adaptation of Transmission Power and Contention Window Size},
  author={Danda B. Rawat and Dimitrie C. Popescu and Gongjun Yan and Stephan Olariu},
  journal={IEEE Transactions on Parallel and Distributed Systems},
  year={2011},
  volume={22},
  pages={1528-1535}
}

%%[9]

@book{Brownlee:2011,
 author = {Brownlee, Jason},
 title = {Clever Algorithms: Nature-Inspired Programming Recipes},
 year = {2011},
 isbn = {1446785068, 9781446785065},
 edition = {1st},
 publisher = {Lulu.com}
} 

%%[10]

@book{Deb:2001,
 author = {Deb, Kalyanmoy and Kalyanmoy, Deb},
 title = {Multi-Objective Optimization Using Evolutionary Algorithms},
 year = {2001},
 isbn = {047187339X},
 publisher = {John Wiley \& Sons, Inc.},
 address = {New York, NY, USA}
} 

%%[11]

@article{Deb:2002,
  title={A fast and elitist multiobjective genetic algorithm: NSGA-II},
  author={Kalyanmoy Deb and Samir Agrawal and Amrit Pratap and T. Meyarivan},
  journal={IEEE Trans. Evolutionary Computation},
  year={2002},
  volume={6},
  pages={182-197}
}

%%[12]

@article{Mussa:2015,
  title={Simulation tools for vehicular ad hoc networks: A comparison study and future perspectives},
  author={Sofian Ali Ben Mussa and Mazani Manaf and Kayhan Zrar Ghafoor and Zouina Doukha},
  journal={2015 International Conference on Wireless Networks and Mobile Communications (WINCOM)},
  year={2015},
  pages={1-8}
}

%%[13]

@article{Schmidt:2009,
  title={Degradation of Transmission Range in VANETs caused by Interference},
  author={Robert Karl Schmidt and Thomas Kollmer and Tim Leinmller and Bert Bddeker and Gter Schafer},
  journal={Praxis der Informationsverarbeitung und Kommunikation},
  year={2009},
  volume={32},
  pages={224-234},
}