@INPROCEEDINGS{jiang-delgrossi-2008, 
author={D. Jiang and L. Delgrossi}, 
booktitle={VTC Spring 2008 - IEEE Vehicular Technology Conference}, 
title={IEEE 802.11p: Towards an International Standard for Wireless Access in Vehicular Environments}, 
year={2008}, 
volume={}, 
number={}, 
pages={2036-2040}, 
keywords={IEEE standards;automobiles;mobile radio;telecommunication standards;wireless LAN;IEEE 802.11 standard;IEEE 802.11 working group;IEEE 802.11p;international standard;moving vehicles;vehicular environments;vehicular safety communications;wireless access;wireless communication systems;Broadcasting;Communication standards;FCC;North America;Road safety;Road vehicles;Standardization;Standards development;Vehicle driving;Vehicle safety}, 
doi={10.1109/VETECS.2008.458}, 
ISSN={1550-2252}, 
month={May},
}